@article{mnpriors,
author = {Frank Tuyl},
title = {A Note on Priors for the Multinomial Model},
journal = {The American Statistician},
volume = {71},
number = {4},
pages = {298-301},
year  = {2017},
publisher = {Taylor & Francis}
}